@article{uwe,
	author = {Uwe Schmidt, Qi Gao, Stefan Roth},
	title = {A Generative Perspective on MRFs in Low-Level Vision},
	journal = {Computer Vision and Pattern Recognition},
	year = {2010},
},
@article{stefan,
	author = {Stefan Roth, Michael J. Black},
	title = {Fields of experts},
	journal = {International Journal of Computer Vision},
	volume = {82(2)},
	pages = {205-229},
	year = {2009},
},
@article{matthias,
	author = {Matthias Seeger},
	title = {Efficient Inference and Learning for Field of Experts Image 
		Models},
	journal = {Internal Memo},
	year = {2012},
},
@unpublished{pain,
	author = {Jonathan Richard Shewchuk},
	title = {An Introduction to the Conjugate Gradient Method Without 
		the Agonizing Pain},
	year = {1994},
},
